
@article{Moum2009a,
  title = {Mixing {{Measurements}} on an {{Equatorial Ocean Mooring}}},
  volume = {26},
  issn = {0739-0572, 1520-0426},
  doi = {10.1175/2008JTECHO617.1},
  language = {en},
  number = {2},
  urldate = {2017-01-20},
  journal = {Journal of Atmospheric and Oceanic Technology},
  author = {Moum, J. N. and Nash, J. D.},
  month = feb,
  year = {2009},
  pages = {317--336},
  file = {/home/deepak/Papers/Moum-Nash-2009-Mixing_Measurements_on_an_Equatorial_Ocean_Mooring.pdf}
}

@article{Moum2015,
  title = {Ocean {{Speed}} and {{Turbulence Measurements Using Pitot}}-{{Static Tubes}} on {{Moorings}}},
  volume = {32},
  issn = {0739-0572, 1520-0426},
  doi = {10.1175/JTECH-D-14-00158.1},
  language = {en},
  number = {7},
  urldate = {2017-02-01},
  journal = {Journal of Atmospheric and Oceanic Technology},
  author = {Moum, James N.},
  month = jul,
  year = {2015},
  pages = {1400--1413},
  file = {/home/deepak/Papers/Moum-2015-Ocean_Speed_and_Turbulence_Measurements_Using_Pitot-Static_Tubes_on_Moorings.pdf}
}

@article{Zhang2010a,
  title = {Inertial-{{Convective Subrange Estimates}} of {{Thermal Variance Dissipation Rate}} from {{Moored Temperature Measurements}}},
  volume = {27},
  issn = {0739-0572, 1520-0426},
  doi = {10.1175/2010JTECHO746.1},
  language = {en},
  number = {11},
  urldate = {2017-05-03},
  journal = {Journal of Atmospheric and Oceanic Technology},
  author = {Zhang, Yanwei and Moum, James N.},
  month = nov,
  year = {2010},
  pages = {1950--1959},
  file = {/home/deepak/Papers/Zhang-Moum-2010-Inertial-Convective_Subrange_Estimates_of_Thermal_Variance_Dissipation_Rate.pdf}
}

@article{Perlin2012,
  title = {Comparison of {{Thermal Variance Dissipation Rates}} from {{Moored}} and {{Profiling Instruments}} at the {{Equator}}},
  volume = {29},
  issn = {0739-0572, 1520-0426},
  doi = {10.1175/JTECH-D-12-00019.1},
  language = {en},
  number = {9},
  urldate = {2017-05-06},
  journal = {Journal of Atmospheric and Oceanic Technology},
  author = {Perlin, A. and Moum, J. N.},
  month = sep,
  year = {2012},
  pages = {1347--1362},
  file = {/home/deepak/Papers/Perlin-Moum-2012-Comparison_of_Thermal_Variance_Dissipation_Rates_from_Moored_and_Profiling.pdf}
}


